@online{ford,
author = {Siegrist, Kyle},
title  = {Markov Processes},
url    = {https://www.randomservices.org/random/markov/index.html},
urldate = {2021-12-07}
}
@online {encbrit,
  title = {Encyclopaedia Britannica. The Ehrenfest model of diffusion},
  url = {https://www.britannica.com/science/probability-theory/Markovian-processes#ref32793},
  urldate = {2021-12-07}
}
@online {letus,
  author = {Renming Song},
  title = {Lecture Notes. Markov Chains},
  url = {https://faculty.math.illinois.edu/~rsong/488f02/ch8.pdf},
  urldate = {2021-12-07}
}
@book{probcourse,
  author = {Pishro-Nik, H.},
  title = {Introduction to probability, statistics, and random processes},
  chapter = {11},
  url = {https://www.probabilitycourse.com},
  urldate = {2021-12-07},
  publisher = {Kappa Research LLC},
  date = {2014}
}
@unpublished{moretti,
  title={Ehrenfest Chains and
Poincaré’s Recurrence Theorem},
  author={Fornasin, Nelvis and Moretti, Valter},
  date={2014}
}
@book {undestanding,
  title={Understanding Markov Chains. Examples and Applications},
  author={Privault, Nicolas},
  year={2018},
  publisher={Springer}
}
@book {norris,
  title={Markov Chains},
  author={Norris, James R.},
  year={2009},
  publisher={Cambridge University Press}
}
