As an example 
@article{seidman1978, 
  title={A graph-theoretic generalization of the clique concept},
  author={Seidman, Stephen B and Foster, Brian L},
  journal={Journal of Mathematical sociology},
  volume={6},
  number={1},
  pages={139--154},
  year={1978},
  publisher={Taylor \& Francis}
}
